<?xml version="1.0" encoding="UTF-8"?>
<record xmlns="http://www.loc.gov/MARC21/slim" xmlns:xsi="http://www.w3.org/2001/XMLSchema-instance" xsi:schemaLocation="http://www.loc.gov/MARC21/slim http://www.loc.gov/standards/marcxml/schema/MARC21slim.xsd">
<leader>     cam a2200277 i 4500</leader>
<controlfield tag="001">001592010</controlfield>
<controlfield tag="003">NNU</controlfield>
<controlfield tag="005">20061010171136.0</controlfield>
<controlfield tag="008">010124s1952    ua            000 0 ara d</controlfield>
<datafield tag="035" ind1="9" ind2=" ">
<subfield code="a">NYUb12104184</subfield>
</datafield>
<datafield tag="035" ind1=" " ind2=" ">
<subfield code="a">(CStRLIN)NYUG01-B476</subfield>
</datafield>
<datafield tag="040" ind1=" " ind2=" ">
<subfield code="a">CLU</subfield>
<subfield code="c">CLU</subfield>
<subfield code="d">MH</subfield>
<subfield code="d">CStRLIN</subfield>
<subfield code="d">CtY</subfield>
</datafield>
<datafield tag="050" ind1=" " ind2="4">
<subfield code="a">HC535</subfield>
<subfield code="b">.J566ta</subfield>
</datafield>
<datafield tag="066" ind1=" " ind2=" ">
<subfield code="c">(3</subfield>
</datafield>
<datafield tag="090" ind1=" " ind2=" ">
<subfield code="a">HC535</subfield>
<subfield code="b">.J5</subfield>
</datafield>
<datafield tag="100" ind1="1" ind2=" ">
<subfield code="6">880-01</subfield>
<subfield code="a">Jirītlī, ʻAlī Aḥmad Ibrāhīm.</subfield>
</datafield>
<datafield tag="245" ind1="1" ind2="0">
<subfield code="6">880-02</subfield>
<subfield code="a">Taʼrīkh al-ṣināʻah fī Miṣr fī al-niṣf al-awwal min al-qarn al-tāsiʻ ʻashr /</subfield>
<subfield code="c">taʼlif ʻAlī al-Jiritlī.</subfield>
</datafield>
<datafield tag="260" ind1=" " ind2=" ">
<subfield code="6">880-03</subfield>
<subfield code="a">Cairo :</subfield>
<subfield code="b">Dār al-Maʻārif,</subfield>
<subfield code="c">[1952]</subfield>
</datafield>
<datafield tag="300" ind1=" " ind2=" ">
<subfield code="a">185 p. ;</subfield>
<subfield code="c">24 cm.</subfield>
</datafield>
<datafield tag="500" ind1=" " ind2=" ">
<subfield code="a">At head of title: al-jamʻīyah al-malakīyah lil-dirāsāt al-tārīkhīyah.</subfield>
</datafield>
<datafield tag="650" ind1=" " ind2="0">
<subfield code="a">Industries</subfield>
<subfield code="z">Egypt.</subfield>
</datafield>
<datafield tag="651" ind1=" " ind2="0">
<subfield code="a">Egypt</subfield>
<subfield code="x">Economic policy.</subfield>
</datafield>
<datafield tag="651" ind1=" " ind2="0">
<subfield code="a">Egypt</subfield>
<subfield code="x">Economic conditions.</subfield>
</datafield>
<datafield tag="880" ind1="1" ind2=" ">
<subfield code="6">100-01/</subfield>
<subfield code="a">جريتلي، علي أحمد إبراهيم.</subfield>
</datafield>
<datafield tag="880" ind1="1" ind2="0">
<subfield code="6">245-02/</subfield>
<subfield code="a">تاريخ الصناعة في مصر في النصف الأول من القرن التاسع عشر /</subfield>
<subfield code="c">تأليف علي الجرتلي.</subfield>
</datafield>
<datafield tag="880" ind1=" " ind2=" ">
<subfield code="6">260-03/</subfield>
<subfield code="a">القاهرة :</subfield>
<subfield code="b">دار المعارف،</subfield>
<subfield code="c">[١٩٥٢]</subfield>
</datafield>
<datafield tag="OWN" ind1=" " ind2=" ">
<subfield code="a">GENERAL</subfield>
</datafield>
<datafield tag="998" ind1=" " ind2=" ">
<subfield code="a">20041221</subfield>
<subfield code="d">20010124</subfield>
<subfield code="d">20041221</subfield>
<subfield code="n">NNU</subfield>
<subfield code="s">1</subfield>
<subfield code="t">c</subfield>
<subfield code="z">p</subfield>
</datafield>
<datafield tag="AVA" ind1=" " ind2=" ">
<subfield code="a">NYU50</subfield>
<subfield code="b">BOBST</subfield>
<subfield code="c">Main Collection</subfield>
<subfield code="d">HC535 .J5</subfield>
<subfield code="e">unavailable</subfield>
<subfield code="t">Unavailable</subfield>
<subfield code="f">1</subfield>
<subfield code="g">1</subfield>
<subfield code="h">N</subfield>
<subfield code="i">0</subfield>
<subfield code="j">MAIN</subfield>
<subfield code="k">0</subfield>
</datafield>
</record>
